@article{Poole1992,
    author = {P. H. Poole and F. Sciortino and U. Essmann and H. E. Stanley},
    title = {Phase Behavior of Metastable Water},
    journal = {Nature},
    volume = {360},
    pages = {324--328},
    year = {1992},
    doi = {https://doi.org/10.1038/360324a0},
}

@article{Debenedetti2020,
    author = {P. G. Debenedetti and F. Sciortino and G. H. Zerze},
    title = {Second critical point in two realistic models of water},
    journal = {Science},
    volume = {369},
    number = {6501},
    pages = {289-292},
    year = {2020},
    doi = {10.1126/science.abb9796},
}

@article{Speedy1976,
    author = {R. J. Speedy and C. A. Angell},
    title = {Isothermal Compressibility of Supercooled Water and Evidence for a Thermodynamic Singularity at -45C},
    journal = {J. Chem. Phys.},
    volume = {65},
    pages = {851--858},
    year = {1976},
    doi = {https://doi.org/10.1063/1.433153},
}

@article{Gallo2016,
    author = {Paola Gallo and Katrin Amann-Winkel and Charles Austen Angell and Mikhail Alexeevich Anisimov and Frédéric Caupin and Charusita Chakravarty and Erik Lascaris and Thomas Loerting and Athanassios Zois Panagiotopoulos and John Russo and Jonas Alexander Sellberg and Harry Eugene Stanley and Hajime Tanaka and Carlos Vega and Limei Xu and Lars Gunnar Moody Pettersson},
    title = {Water: A Tale of Two Liquids},
    journal = {Chem. Rev.},
    volume = {116},
    pages = {7463--7500},
    year = {2016},
    doi = {https://doi.org/10.1021/acs.chemrev.5b00750},
}

@article{Kim2020,
    author = {Kyung Hwan Kim  and Katrin Amann-Winkel  and Nicolas Giovambattista  and Alexander Späh  and Fivos Perakis  and Harshad Pathak  and Marjorie Ladd Parada  and Cheolhee Yang  and Daniel Mariedahl  and Tobias Eklund  and Thomas. J. Lane  and Seonju You  and Sangmin Jeong  and Matthew Weston  and Jae Hyuk Lee  and Intae Eom  and Minseok Kim  and Jaeku Park  and Sae Hwan Chun  and Peter H. Poole  and Anders Nilsson },
    title = {Experimental observation of the liquid-liquid transition in bulk supercooled water under pressure},
    journal = {Science},
    volume = {370},
    number = {6519},
    pages = {978-982},
    year = {2020},
    doi = {10.1126/science.abb9385}
}

@article{Stell1972,
    author = {G. Stell and P. C. Hemmer},
    title = {Phase Transitions Due to Softness of the Potential Core},
    journal = {J. Chem. Phys.},
    volume = {56},
    pages = {4274},
    year = {1972},
    doi = {https://doi.org/10.1063/1.1677857},
}

@article{Stillinger1993,
    title = {Perturbational view of inherent structures in water},
    author = {F. H. Stillinger and T. Head-Gordon},
    journal = {Phys. Rev. E},
    volume = {47},
    issue = {4},
    pages = {2484--2490},
    year = {1993},
    doi = {10.1103/PhysRevE.47.2484},
}


@article{Jagla2001,
    author = {E. A. Jagla},
    title = {Liquid-liquid equilibrium for monodisperse spherical particles},
    journal = {Phys. Rev. E},
    volume = {63},
    pages = {061501},
    year = {2001},
    doi = {10.1103/PhysRevE.63.061501},
}

@article{Franzese2001,
    author = {G. Franzese and G. Malescio and A. Skibinsky and S. V. Buldyrev and H. E. Stanley},
    title = {Generic mechanism for generating a liquid-liquid phase transition},
    journal = {Nature},
    volume = {409},
    year = {2001},
    doi = {https://doi.org/10.1038/35055514},
}

@article{Gibson2006,
    author = {H. M. Gibson and N. B. Wilding},
    title = {Metastable liquid-liquid coexistence and density anomalies in a core-softened fluid},
    journal = {Phys. Rev. E},
    volume = {73},
    pages = {061507},
    year = {2006},
    doi = {10.1103/PhysRevE.73.061507},
}

@article{Skibinsky2004,
    author = {A. Skibinsky and S. V. Buldyrev and G. Franzese and G. Malescio and H. E. Stanley},
    title = {Liquid-Liquid Phase Transitions for Soft-Core Attractive Potentials},
    journal = {Phys. Rev. E},
    volume = {69},
    pages = {61206-15 },
    year = {2004},
    doi = {10.1103/PhysRevE.69.061206},
}

@article{Smallenburg2014,
    author = {F. Smallenburg and L. Filion and F. Sciortino},
    title = {Erasing no-man's land by thermodynamically stabilizing the liquid-liquid transition in tetrahedral particles},
    journal = {Nature Physics},
    volume = {10},
    pages = {653},
    year = {2014},
    doi = {https://doi.org/10.1038/nphys3030},
    
}

@article{Holten2001,
    author = {V. Holten and J. C. Palmer and P. H. Poole and P. G. Debenedetti and M. A. Anisimov},
    title = {Two-state thermodynamics of the ST2 model for supercooled water},
    journal = {J. Chem. Phys.},
    volume = {104502},
    year = {2014},
    doi = {https://doi.org/10.1063/1.4867287},
}

@article{Katayama2000,
    author = {Yoshinori Katayama and Takeshi Mizutani and Wataru Utsumi and Osamu Shimomura and Masaaki Yamakata and Ken-ichi Funakoshi},
    title = {A first-order liquid–liquid phase transition in phosphorus},
    journal = {Nature},
    volume = {403},
    pages = {170--173},
    year = {2000},
    doi = {https://doi.org/10.1038/35003143},
}

@article{Henry2020,
    author = {Laura Henry and Mohamed Mezouar and Gaston Garbarino and David Sifré and Gunnar Weck and Frédéric Datchi},
    title = {Liquid–liquid transition and critical point in sulfur},
    journal = {Nature},
    volume = {584},
    pages = {382--386},
    year = {2020},
    doi = {https://doi.org/10.1038/s41586-020-2593-1},
}

@article{Zaccarelli2005,
    author = {E. Zaccarelli and S. V. Buldyrev and E. La Nave and A. J. Moreno and I. Saika-Voivod and F. Sciortino and P. Tartagliae},
    title = {Model for Reversible Colloidal Gelation},
    journal = {Phys. Rev. Lett.},
    volume = {94},
    pages = {218301},
    year = {2005},
    doi = {10.1103/PhysRevLett.94.218301},
}

@article{Debenedetti,
    author = {R. J. Speedy and P. G. Debenedetti},
    title = {The entropy of a network crystal, fluid and glass},
    journal = {Mol. Phys.},
    volume = {81},
    number = {1},
    pages = {237-249},
    year  = {1994},
    doi = {10.1080/00268979400100161},
}

@article{Debenedetti2,
    author = {R. J. Speedy and P. G. Debenedetti},
    title = {The distribution of tetravalent network glasses},
    journal = {Mol. Phys.},
    volume = {88},
    number = {5},
    pages = {1293-1316},
    year  = {1996},
    doi = {10.1080/00268979609484512},
}

@article{Alder1959,
    author = {B. J. Alder and T. E. Wainwright},
    title = {Studies in Molecular Dynamics. I. General Method},
    journal = {J. Chem. Phys.},
    volume = {31},
    pages = {459},
    year = {1959},
    doi = {https://doi.org/10.1063/1.1730376},
}

@book{Rapaport2004,
    author = {D. C. Rapaport},
    title = {The Art of Molecular Dynamics Simulation},
    edition = {second},
    publisher = {Cambridge University Press},
    address = {Cambridge, UK},
    year = {2004},
}

@article{Berendsen1984,
    author = {H. J. C. Berendsen and J. P. M. Postma and W. F. van Gunsteren and A. DiNola and J. R. Haak},
    title = {Molecular-Dynamics with Coupling to an External Bath},
    journal = {J. Chem. Phys.},
    volume = {81},
    number = {8},
    pages = {3684--3690},
    year = {1984},
}

@book{Lide2003,
    author = {D. R. Lide},
    title = {CRC Handbook of Chemistry and Physics},
    publisher = {CRC Press},
    address = {Boca Raton, FL},
    edition = {85},
    year = {2003},
}

@article{Luo2015,
    author = {J. Luo and Limei Xu and C. A. Angell and H. E. Stanley and S. V. Buldyrev},
    title = {Physics of the Jagla model as the liquid-liquid coexistence line slope varies},
    journal = {J. Chem. Phys.},
    volume = {142},
    pages = {224501},
    year = {2015},
    doi = {https://doi.org/10.1063/1.4921559},
}

@article{Xu2005,
    author = {Limei Xu and Pradeep Kumar and S. V. Buldyrev and S.-H. Chen and P. H. Poole and F. Sciortino and H. E. Stanley},
    title = {Relation between the Widom line and the dynamic crossover in systems with a liquid–liquid phase transition},
    journal = {PNAS},
    volume = {102},
    number = {46},
    pages = {16558--16562},
    year = {2005},
    doi = {https://doi.org/10.1073/pnas.0507870102},
}

@book{deGennes1979,
    author = {P. G. de Gennes},
    title = {Scaling concepts in polymer physics},
    publisher = {Cornell University Press},
    address = {Ithaca, NY},
    year = {1979},
}

@article{Anisimov2018,
    author = {Mikhail A. Anisimov and Michal Duška and Frédéric Caupin and Lauren E. Amrhein and Amanda Rosenbaum and Richard J. Sadus},
    title = {Thermodynamics of Fluid Polyamorphism},
    journal = {Phys. Rev. X},
    volume = {8},
    pages = {011004},
    year = {2018},
    doi = {10.1103/PhysRevX.8.011004},
}


@article{Caupin2021,
    author = {F. Caupin and M. A. Anisimov},
    title = {Minimal Microscopic Model for Liquid Polyamorphism and Waterlike Anomalies},
    journal = {Phys. Rev. Lett.},
    volume = {127},
    pages = {185701},
    year = {2021},
    doi = {10.1103/PhysRevLett.127.185701},
}

@article{Shumovskyi2021,
    author = {N. A. Shumovskyi and T. J. Longo and S. V. Buldyrev and M. A. Anisimov},
    title = {Phase amplification in spinodal decomposition of immiscible fluids with interconversion of species},
    journal = {Phys. Rev. E},
    volume = {103},
    pages = {L060101},
    year = {2021},
    doi = {10.1103/PhysRevE.103.L060101},
}

@article{Longo2021,
    author = {T. J. Longo and M. A. Anisimov},
    title = {Phase Transitions Affected by Molecular Interconversion},
    journal = {ArXiv},
    year = {2021},
    doi = {arXiv:2102.11148 },
}


@article{Glosli_Liquid_1999,
  title = {Liquid-Liquid Phase Transformation in Carbon},
  author = {J. N. Glosli and F. H. Ree},
  journal = {Phys. Rev. Lett.},
  volume = {82},
  issue = {23},
  pages = {4659--4662},
  year = {1999},
  doi = {10.1103/PhysRevLett.82.4659},
}

@article{Kozhevnikov_Sulfur_2004,
    author = {V. F. Kozhevnikov and W. B. Payne and J. K. Olson and C. L. McDonald and C. E. Inglefield},
    title = {Physical properties of sulfur near the polymerization transition},
    journal = {J. Chem. Phys.},
    volume = {121},
    page = {7379},
    year = {2004},
    url = {https://doi.org/10.1063/1.1794031},
}

@article{Bellissent_Sulfur_1994,
	doi = {10.1088/0953-8984/6/23a/031},
	year = 1994,
	volume = {6},
	number = {23A},
	pages = {A211--A216},
	author = {R Bellissent and L Descotes and P Pfeuty},
	title = {Polymerization in liquid sulphur},
	journal = {J. Phys.: Condens. Matte},
}

@article{Sauer_Lambda_1967,
    author = {G. E. Sauer  and L. B. Borst },
    title = {Lambda Transition in Liquid Sulfur},
    journal = {Science},
    volume = {158},
    number = {3808},
    pages = {1567-1569},
    year = {1967},
    doi = {10.1126/science.158.3808.1567}
}

@article{Sastry_Liquid_2003,
    author = {S. Sastry and C. A. Angell},
    title = {Liquid–liquid phase transition in supercooled silicon},
    journal = {Nature Materials},
    volume = {2},
    pages = {739--743},
    year = {2003},
    doi = {https://doi.org/10.1038/nmat994},
}

@article{Vasisht_Liquid_2011,
    author = {V. V. Vasisht and S. Saw and S. Sastry},
    title = {Liquid–liquid critical point in supercooled silicon},
    journal = {Nature Physics},
    volume = {7},
    pages = {549--553},
    year = {2011},
    doi = {https://doi.org/10.1038/nphys1993},
}

@article{Tanaka_Liquid_2020,
    author = {H. Tanaka},
    title = {Liquid–liquid transition and polyamorphism},
    journal = {J. Chem. Phys.},
    volume = {153},
    pages = {130901},
    year = {2020},
    doi = {https://doi.org/10.1063/5.0021045},
}

@article{Brazhkin_PT_1999,
    author = {V. V. Brazhkin and S. V. Popova and  R. N. Voloshin},
    title = {Pressure -temperature phase diagram of molten elements: selenium, sulfur and iodine},
    journal = {Physica B},
    volume = {265},
    pages = {64--71},
    year = {1999},
    doi = {https://doi.org/10.1016/S0921-4526(98)01318-0},
}

@article{Plasienka_Structural_2015,
    author = {D. Plašienka and P. Cifra and R. Martoňák},
    title = {Structural transformation between long and short-chain form of liquid sulfur from ab initio molecular dynamics},
    journal = {J. Chem. Phys.},
    volume = {142},
    pages = {154502--154512},
    year = {2015},
    doi = {https://doi.org/10.1063/1.4917040},
}

@incollection{Buldyrev_Application_2008,
  author        = {S.V. Buldyrev},
  title         = {Application of Discrete Molecular Dynamics to Protein Folding and Aggregation},
  booktitle     = {Aspects of Physical Biology},
  series        = {Lecture Notes in Physics},
  editor        = {G. Franzese and  M. Rubi},
  pages         = {97--132},
  publisher     = {Springer-Verlag},
  address       = {Berlin, Heidelberg},
  year          = {2009},
  volume        = {752},
  doi           = {https://doi.org/10.1007/978-3-540-78765-5_5},
}

@article{Simpson_Evidence_2016,
    author = {P. Dalladay-Simpson and R. T. Howie and E. Gregoryanz},
    title = {Evidence for a new phase of dense hydrogen above 325 gigapascals},
    journal = {Nature},
    volume = {529},
    pages = {63--67},
    year = {2016},
}

@article{Flory_Polymer_1941,
    title = {Thermodynamics of High Polymer Solutions},
    journal = {J. Chem. Phys.},
    author = {Paul J. Flory},
    volume = {9},
    pages = {660},
    year = {1941},
    doi = {https://doi.org/10.1063/1.1750971},

}

@article{Huggins_Solutions_1941,
    title = {Solutions of Long Chain Compounds},
    author = {Maurice L. Huggins},
    journal = {J. Chem. Phys.},
    volume = {9},
    pages = {440},
    year = {1941},
    doi = {https://doi.org/10.1063/1.1750930},
}

@book{Hildebrand_Regular_1962,
    title={Regular Solutions},
    author={Hildebrand, J.H. and Scott, R.L.},
    lccn={62011984},
    series={Prentice-Hall international series in chemistry},
    url={https://books.google.com/books?id=fQUpAQAAMAAJ},
    year={1962},
    publisher={Prentice-Hall}
}

